 @INPROCEEDINGS{Lee2010,
  author={Lee, Taeyoung and Leok, Melvin and McClamroch, N. Harris},
  booktitle={49th IEEE Conference on Decision and Control (CDC)}, 
  title={Geometric tracking control of a quadrotor UAV on SE(3)}, 
  year={2010},
  volume={},
  number={},
  pages={5420-5425},
  keywords={Unmanned aerial vehicles;Stability analysis;Attitude control;Asymptotic stability;Propellers;Trajectory;Rotors},
  doi={10.1109/CDC.2010.5717652}}

@ARTICLE{attitude,
  author={Chaturvedi, Nalin A. and Sanyal, Amit K. and McClamroch, N. Harris},
  journal={IEEE Control Systems Magazine}, 
  title={Rigid-Body Attitude Control}, 
  year={2011},
  volume={31},
  number={3},
  pages={30-51},
  keywords={Attitude control;Quaternions;Aerospace electronics;Angular velocity;Orbits;Trajectory;Asymptotic stability},
  doi={10.1109/MCS.2011.940459}}

  @book{quanbook,
  title={多旋翼飞行器设计与控制},
  author={全权},
  publisher={多旋翼飞行器设计与控制},
  year={2018}
}
 
 @article{minimumsnap,
  author={Mellinger, Daniel and Kumar, Vijay},
  booktitle={2011 IEEE International Conference on Robotics and Automation}, 
  title={Minimum snap trajectory generation and control for quadrotors}, 
  year={2011},
  pages={2520-2525},
  keywords={Trajectory;Angular velocity;Acceleration;Rotors;Aerodynamics;Force;Optimization},
  doi={10.1109/ICRA.2011.5980409}}

@article{Rodrigues1840,
author = {Rodrigues},
journal = {Journal de Mathématiques Pures et Appliquées},
language = {fre},
pages = {380-440},
title = {Des lois géométriques qui régissent les déplacements d'un système solide dans l'espace, et de la variation des coordonnées provenant de ces déplacements considérés indépendamment des causes qui peuvent les produire.},
url = {http://eudml.org/doc/234443},
year = {1840}
}

@article{Liegroup,
title={A micro Lie theory for state estimation in robotics},
author={Solà, Joan and  Deray, Jeremie  and  Atchuthan, Dinesh },
year={2018},
}

@article{duan1,
  title={High-order fully actuated system approaches: Part I. Models and basic procedure},
  author={ Duan, Guangren },
  journal={International Journal of Systems Science},
  volume={52},
  year={2021},
}

@misc{Tmotor2023,
  author = {{T-Motor}},
  title = {电机性能参数表},
  year = {2023},
  howpublished = {\url{https://uav-cn.tmotor.com/html/2023/Motor_0719/1309.html}},
}

@misc{qingtong,
  author = {chingmu},
  title = {动作捕捉系统},
  year = {2024},
  howpublished = {\url{https://www.chingmu.com/}},
}



@misc{px4moc,
  author = {PX4},
  title = {PX4 motion capture},
  year = {2024},
  howpublished = {\url{https://docs.px4.io/main/zh/ros/external_position_estimation.html}},
}

@misc{iris,
  author = {PX4},
  title = {PX4 iris},
  year = {2024},
  howpublished = {\url{https://github.com/PX4/PX4-SITL_gazebo-classic/tree/da7206e057703cc645770f02437013358b71e1c0/models/iris}},
}

@misc{px4控制,
  author = {PX4},
  title = {PX4 motion capture},
  year = {2024},
  howpublished = {\url{https://docs.px4.io/main/zh/concept/architecture.html}},
}


@misc{px4hitl,
  author = {PX4},
  title = {PX4 HITL},
  year = {2024},
  howpublished = {\url{https://docs.px4.io/main/zh/simulation/hitl.html#compatible_airframe}},
}


@misc{fishros,
  author = {fishros},
  title = {鱼香ros一键安装},
  year = {2024},
  howpublished = {https://fishros.org.cn/forum/topic/20/%E5%B0%8F%E9%B1%BC%E7%9A%84%E4%B8%80%E9%94%AE%E5%AE%89%E8%A3%85%E7%B3%BB%E5%88%97
},
}